<record><leader>00000cas a22000007a 4500</leader><controlfield tag="001">15584108</controlfield><controlfield tag="008">870424c19209999msuwr ne      0   a0eng d</controlfield><datafield ind1=" " ind2=" " tag="010"><subfield code="a">sn 87065314 </subfield></datafield><datafield ind1=" " ind2=" " tag="040"><subfield code="a">MJA</subfield><subfield code="b">eng</subfield><subfield code="c">MJA</subfield><subfield code="d">MSJ</subfield><subfield code="d">KNP</subfield><subfield code="d">NSD</subfield><subfield code="d">LNP</subfield><subfield code="d">OCLCQ</subfield></datafield><datafield ind1=" " ind2=" " tag="012"><subfield code="m">1</subfield></datafield><datafield ind1="1" ind2=" " tag="022"><subfield code="a">1048-4116</subfield><subfield code="l">1048-4116</subfield><subfield code="2">1</subfield></datafield><datafield ind1=" " ind2=" " tag="032"><subfield code="a">519460</subfield><subfield code="b">USPS</subfield></datafield><datafield ind1=" " ind2=" " tag="037"><subfield code="b">American Publishing Co. of Mississippi, 317 N. Madison St., Kosciusko, MS 39090</subfield></datafield><datafield ind1=" " ind2=" " tag="042"><subfield code="a">msc</subfield><subfield code="a">nsdp</subfield></datafield><datafield ind1=" " ind2=" " tag="043"><subfield code="a">n-us-la</subfield></datafield><datafield ind1="0" ind2=" " tag="130"><subfield code="a">Star-herald (Kosciusko, Miss.)</subfield></datafield><datafield ind1=" " ind2="4" tag="222"><subfield code="a">The Star-herald</subfield><subfield code="b">(Kosciusko, Miss.)</subfield></datafield><datafield ind1="1" ind2="4" tag="245"><subfield code="a">The star-herald.</subfield></datafield><datafield ind1=" " ind2=" " tag="260"><subfield code="a">Kosciusko, Miss. :</subfield><subfield code="b">Sanders &amp; Sanders</subfield></datafield><datafield ind1=" " ind2=" " tag="300"><subfield code="a">v.</subfield></datafield><datafield ind1=" " ind2=" " tag="310"><subfield code="a">Weekly (except twice weekly the 4th week of Dec.),</subfield><subfield code="b">&lt;Dec. 23, 1989-&gt;</subfield></datafield><datafield ind1=" " ind2=" " tag="321"><subfield code="a">Weekly,</subfield><subfield code="b">&lt;Nov. 19, 1936-&gt;</subfield></datafield><datafield ind1="1" ind2=" " tag="362"><subfield code="a">Began in 1920.</subfield></datafield><datafield ind1=" " ind2=" " tag="500"><subfield code="a">Published by: American Pub. Co. of Mississippi, &lt;Dec. 27, 1989-&gt;</subfield></datafield><datafield ind1=" " ind2=" " tag="588"><subfield code="a">Description based on: Vol. 70, no. 47 (Nov. 19, 1936).</subfield></datafield><datafield ind1=" " ind2=" " tag="588"><subfield code="a">Latest issue consulted: Vol. 122, no. 52 (Dec. 23, 1989).</subfield></datafield><datafield ind1=" " ind2="0" tag="651"><subfield code="a">Kosciusko (La.)</subfield><subfield code="v">Newspapers.</subfield></datafield><datafield ind1=" " ind2=" " tag="752"><subfield code="a">United States</subfield><subfield code="b">Mississippi</subfield><subfield code="c">Attala</subfield><subfield code="d">Kosciusko.</subfield></datafield><datafield ind1="0" ind2="4" tag="780"><subfield code="t">Star ledger (Kosciusko, Miss.)</subfield><subfield code="w">(DLC)sn 87065315</subfield><subfield code="w">(OCoLC)15581759</subfield></datafield><datafield ind1="0" ind2="4" tag="780"><subfield code="t">Kosciusko herald</subfield><subfield code="w">(DLC)sn 87065299</subfield><subfield code="w">(OCoLC)15581545</subfield></datafield></record>